%% This BibTeX bibliography file was created using BibDesk.
%% http://bibdesk.sourceforge.net/


%% Created for Markus Beissinger at 2015-01-22 17:26:54 -0800 


%% Saved with string encoding Unicode (UTF-8) 



@inproceedings{rezende14,
	Author = {Danilo J. Rezende and Shakir Mohamed and Daan Wierstra},
	Booktitle = {Proceedings of the 31st International Conference on Machine Learning},
	Date-Added = {2015-01-23 01:26:45 +0000},
	Date-Modified = {2015-01-23 01:26:45 +0000},
	Title = {Stochastic Backpropagation and Approximate Inference in Deep Generateive Models},
	Year = {2014}}

@article{gsn,
	Author = {Yoshua Bengio and Eric Thibodeau-Laufer and Jason Yosinski},
	Bibsource = {DBLP, http://dblp.uni-trier.de},
	Date-Added = {2015-01-23 01:26:15 +0000},
	Date-Modified = {2015-01-23 01:26:15 +0000},
	Ee = {http://arxiv.org/abs/1306.1091},
	Journal = {CoRR},
	Title = {Deep Generative Stochastic Networks Trainable by Backprop},
	Volume = {abs/1306.1091},
	Year = {2013}}

@article{bengio13a,
	Author = {Yoshua Bengio and Li Yao and Guillaume Alain and Pascal Vincent},
	Bibsource = {DBLP, http://dblp.uni-trier.de},
	Date-Added = {2015-01-23 01:25:55 +0000},
	Date-Modified = {2015-01-23 01:25:55 +0000},
	Ee = {http://arxiv.org/abs/1305.6663},
	Journal = {CoRR},
	Title = {Generalized Denoising Auto-Encoders as Generative Models},
	Volume = {abs/1305.6663},
	Year = {2013}}

@inproceedings{rnnrbm,
	Author = {Nicolas Boulanger-Lewandowski and Yoshua Bengio and Pascal Vincent},
	Booktitle = {Proceedings of the 29th International Conference on Machine Learning},
	Date-Added = {2015-01-19 23:22:31 +0000},
	Date-Modified = {2015-01-19 23:22:31 +0000},
	Title = {Modeling Temporal Dependencies in High-Dimensional Sequences: Application to Polyphonic Music Generation and Transcription},
	Year = {2012}}
